
@article {BHHHJKM2019,
    AUTHOR = {Beck, Matthias and Haase, Christian and Higashitani, Akihiro
              and Hofscheier, Johannes and Jochemko, Katharina and
              Katth\"{a}n, Lukas and Micha\l ek, Mateusz},
     TITLE = {Smooth centrally symmetric polytopes in dimension 3 are {IDP}},
   JOURNAL = {Ann. Comb.},
  FJOURNAL = {Annals of Combinatorics},
    VOLUME = {23},
      YEAR = {2019},
    NUMBER = {2},
     PAGES = {255--262},
      ISSN = {0218-0006,0219-3094},
   MRCLASS = {52B20 (52B10 52B12)},
  MRNUMBER = {3962856},
MRREVIEWER = {Robert\ Davis},
       DOI = {10.1007/s00026-019-00418-x},
}

@article {BG,
    AUTHOR = {Bruns, Winfried and Gubeladze, Joseph},
     TITLE = {Normality and covering properties of affine semigroups},
   JOURNAL = {J. Reine Angew. Math.},
  FJOURNAL = {Journal f\"{u}r die Reine und Angewandte Mathematik. [Crelle's
              Journal]},
    VOLUME = {510},
      YEAR = {1999},
     PAGES = {161--178},
      ISSN = {0075-4102,1435-5345},
   MRCLASS = {52B20 (20M99)},
  MRNUMBER = {1696094},
MRREVIEWER = {Jes\'{u}s\ A.\ De Loera},
       DOI = {10.1515/crll.1999.044},
}

@book {BGbook,
    AUTHOR = {Bruns, Winfried and Gubeladze, Joseph},
     TITLE = {Polytopes, rings, and {$K$}-theory},
    SERIES = {Springer Monographs in Mathematics},
 PUBLISHER = {Springer, Dordrecht},
      YEAR = {2009},
     PAGES = {xiv+461},
      ISBN = {978-0-387-76355-2},
   MRCLASS = {19-02 (11H06 13F45 14M25 52-01 52B20)},
  MRNUMBER = {2508056},
MRREVIEWER = {T.\ Oda},
       DOI = {10.1007/b105283},
}

@article {BGM,
    AUTHOR = {Bruns, Winfried and Gubeladze, Joseph and Micha\l ek, Mateusz},
     TITLE = {Quantum jumps of normal polytopes},
   JOURNAL = {Discrete Comput. Geom.},
  FJOURNAL = {Discrete \& Computational Geometry. An International Journal
              of Mathematics and Computer Science},
    VOLUME = {56},
      YEAR = {2016},
    NUMBER = {1},
     PAGES = {181--215},
      ISSN = {0179-5376,1432-0444},
   MRCLASS = {52B20 (11H06 52C07)},
  MRNUMBER = {3509036},
MRREVIEWER = {Ruriko\ Yoshida},
       DOI = {10.1007/s00454-016-9773-7},
}


@book {CLS,
    AUTHOR = {Cox, David A. and Little, John B. and Schenck, Henry K.},
     TITLE = {Toric varieties},
    SERIES = {Graduate Studies in Mathematics},
    VOLUME = {124},
 PUBLISHER = {American Mathematical Society, Providence, RI},
      YEAR = {2011},
     PAGES = {xxiv+841},
      ISBN = {978-0-8218-4819-7},
   MRCLASS = {14M25 (05A15 05E45 52B12)},
  MRNUMBER = {2810322},
MRREVIEWER = {Ivan\ Arzhantsev},
       DOI = {10.1090/gsm/124},
}
@book {DLRS2010,
    AUTHOR = {De Loera, Jes\'{u}s A. and Rambau, J\"{o}rg and Santos,
              Francisco},
     TITLE = {Triangulations},
    SERIES = {Algorithms and Computation in Mathematics},
    VOLUME = {25},
      NOTE = {Structures for algorithms and applications},
 PUBLISHER = {Springer-Verlag, Berlin},
      YEAR = {2010},
     PAGES = {xiv+535},
      ISBN = {978-3-642-12970-4},
   MRCLASS = {52B55 (05C10 52B05 57Q15 68U05)},
  MRNUMBER = {2743368},
       DOI = {10.1007/978-3-642-12971-1},
}


@unpublished{Fakhruddin,
      author={Najmuddin Fakhruddin},
      title={Multiplication maps of linear systems on smooth projective toric surfaces}, 
      journal = {arXiv e-prints},
      year={2002},
archivePrefix = {arXiv},
      eprint={math/0208178},
      primaryClass={math.AG},
}


@article {Gubeladze,
    AUTHOR = {Gubeladze, Joseph},
     TITLE = {Normal polytopes and ellipsoids},
   JOURNAL = {Electron. J. Combin.},
  FJOURNAL = {Electronic Journal of Combinatorics},
    VOLUME = {28},
      YEAR = {2021},
    NUMBER = {4},
     PAGES = {Paper No. 4.7, 9},
      ISSN = {1077-8926},
   MRCLASS = {52B20 (11H06)},
  MRNUMBER = {4328905},
MRREVIEWER = {Mizan\ R.\ Khan},
       DOI = {10.37236/10338},
}    

@article {HaaseHof,
    AUTHOR = {Gubeladze, Joseph},
     TITLE = {Normal polytopes and ellipsoids},
   JOURNAL = {Electron. J. Combin.},
  FJOURNAL = {Electronic Journal of Combinatorics},
    VOLUME = {28},
      YEAR = {2021},
    NUMBER = {4},
     PAGES = {Paper No. 4.7, 9},
      ISSN = {1077-8926},
   MRCLASS = {52B20 (11H06)},
  MRNUMBER = {4328905},
MRREVIEWER = {Mizan\ R.\ Khan},
       DOI = {10.37236/10338},
}


@article {HPPS-survey,
    AUTHOR = {Haase, Christian and Paffenholz, Andreas and Piechnik, Lindsay
              C. and Santos, Francisco},
     TITLE = {Existence of unimodular triangulations---positive results},
   JOURNAL = {Mem. Amer. Math. Soc.},
  FJOURNAL = {Memoirs of the American Mathematical Society},
    VOLUME = {270},
      YEAR = {2021},
    NUMBER = {1321},
     PAGES = {v+83},
      ISSN = {0065-9266,1947-6221},
      ISBN = {978-1-4704-4716-8; 978-1-4704-6530-8},
   MRCLASS = {52B20 (13F20 13P10 14M25)},
  MRNUMBER = {4277268},
MRREVIEWER = {Margaret\ M.\ Bayer},
       DOI = {10.1090/memo/1321},
}

@article {HNPS2008,
    AUTHOR = {Haase, Christian and Nill, Benjamin and Paffenholz, Andreas
              and Santos, Francisco},
     TITLE = {Lattice points in {M}inkowski sums},
   JOURNAL = {Electron. J. Combin.},
  FJOURNAL = {Electronic Journal of Combinatorics},
    VOLUME = {15},
      YEAR = {2008},
    NUMBER = {1},
     PAGES = {Note 11, 5},
      ISSN = {1077-8926},
   MRCLASS = {52B20 (11H06 11P21)},
  MRNUMBER = {2398828},
MRREVIEWER = {B\'{e}la\ Uhrin},
       DOI = {10.37236/886},
}


@article {KantorSarkaria,
    AUTHOR = {Kantor, J.-M. and Sarkaria, K. S.},
     TITLE = {On primitive subdivisions of an elementary tetrahedron},
   JOURNAL = {Pacific J. Math.},
  FJOURNAL = {Pacific Journal of Mathematics},
    VOLUME = {211},
      YEAR = {2003},
    NUMBER = {1},
     PAGES = {123--155},
      ISSN = {0030-8730,1945-5844},
   MRCLASS = {52B20 (52B10)},
  MRNUMBER = {2016594},
MRREVIEWER = {Yu.\ A.\ Shashkin},
       DOI = {10.2140/pjm.2003.211.123},
}

@incollection {mfo2004,
     TITLE = {Mini-workshop: {E}hrhart {Q}uasipolynomials: {A}lgebra,
              {C}ombinatorics, and {G}eometry},
      NOTE = {Abstracts from the mini-workshop held August 15--21, 2004,
              Organized by Jes\'{u}s A. De Loera and Christian Haase,
              Oberwolfach Reports. Vol. 1, no. 3},
   JOURNAL = {Oberwolfach Rep.},
  FJOURNAL = {Oberwolfach Reports},
    VOLUME = {1},
      YEAR = {2004},
    NUMBER = {3},
     PAGES = {2071--2101},
      ISSN = {1660-8933,1660-8941},
   MRCLASS = {52B20 (05-06)},
  MRNUMBER = {2144157},
       DOI = {10.4171/OWR/2004/39},
}

@incollection {mfo2007,
     TITLE = {Mini-{W}orkshop: {P}rojective {N}ormality of {S}mooth {T}oric
              {V}arieties},
      NOTE = {Abstracts from the mini-workshop held August 12--18, 2007,
              Organized by Christian Haase, Takayuki Hibi and Diane Maclagan,
              Oberwolfach Reports. Vol. 4, no. 3},
   JOURNAL = {Oberwolfach Rep.},
  FJOURNAL = {Oberwolfach Reports},
    VOLUME = {4},
      YEAR = {2007},
    NUMBER = {3},
     PAGES = {2283--2319},
      ISSN = {1660-8933,1660-8941},
   MRCLASS = {14-06 (14M25)},
  MRNUMBER = {2432116},
}

@unpublished{Oda1997,
       author = {Tadao Oda},
        title = "{Problems on Minkowski sums of convex lattice polytopes}",
      journal = {arXiv e-prints},
         year = 2008,
archivePrefix = {arXiv},
       eprint = {0812.1418},
      note={Abstract submitted at the Oberwolfach Conference ``Combinatorial Convexity and Algebraic Geometry'' 26.10Ð01.11, 1997},
      primaryClass={math.AG},
}


@article {Ogata,
    AUTHOR = {Ogata, Shoetsu},
     TITLE = {Multiplication maps of complete linear systems on projective
              toric surfaces},
   JOURNAL = {Interdiscip. Inform. Sci.},
  FJOURNAL = {Interdisciplinary Information Sciences},
    VOLUME = {12},
      YEAR = {2006},
    NUMBER = {2},
     PAGES = {93--107},
      ISSN = {1340-9050,1347-6157},
   MRCLASS = {14M25 (14J45)},
  MRNUMBER = {2267321},
MRREVIEWER = {Ekaterina\ Amerik},
       DOI = {10.4036/iis.2006.93},
}

@article {Santos-hirsch,
    AUTHOR = {Santos, Francisco},
     TITLE = {A counterexample to the {H}irsch conjecture},
   JOURNAL = {Ann. of Math. (2)},
  FJOURNAL = {Annals of Mathematics. Second Series},
    VOLUME = {176},
      YEAR = {2012},
    NUMBER = {1},
     PAGES = {383--412},
      ISSN = {0003-486X,1939-8980},
   MRCLASS = {52A37 (51M20 52A40 52B05 52B12)},
  MRNUMBER = {2925387},
MRREVIEWER = {J.\ B\"{o}hm},
       DOI = {10.4007/annals.2012.176.1.7},
}

@article {SantosZiegler,
    AUTHOR = {Santos, F. and Ziegler, G. M.},
     TITLE = {Unimodular triangulations of dilated 3-polytopes},
   JOURNAL = {Trans. Moscow Math. Soc.},
  FJOURNAL = {Transactions of the Moscow Mathematical Society},
      YEAR = {2013},
     PAGES = {293--311},
      ISSN = {0077-1554,1547-738X},
   MRCLASS = {52B20},
  MRNUMBER = {3235802},
MRREVIEWER = {Uwe\ Schnell},
       DOI = {10.1090/s0077-1554-2014-00220-x},
}

@article {Tsuchiya,
    AUTHOR = {Tsuchiya, Akiyoshi},
     TITLE = {Cayley sums and {M}inkowski sums of lattice polytopes},
   JOURNAL = {SIAM J. Discrete Math.},
  FJOURNAL = {SIAM Journal on Discrete Mathematics},
    VOLUME = {37},
      YEAR = {2023},
    NUMBER = {2},
     PAGES = {1348--1357},
      ISSN = {0895-4801,1095-7146},
   MRCLASS = {52B20 (05E40 13H10)},
  MRNUMBER = {4605211},
       DOI = {10.1137/22M1507991},
}

@article {White1964,
    AUTHOR = {White, G. K.},
     TITLE = {Lattice tetrahedra},
   JOURNAL = {Canadian J. Math.},
  FJOURNAL = {Canadian Journal of Mathematics. Journal Canadien de
              Math\'{e}matiques},
    VOLUME = {16},
      YEAR = {1964},
     PAGES = {389--396},
      ISSN = {0008-414X,1496-4279},
   MRCLASS = {10.25 (52.30)},
  MRNUMBER = {161837},
MRREVIEWER = {I.\ Danicic},
       DOI = {10.4153/CJM-1964-040-2},
}


